[2022-09-29 15:08:35,192 - DEBUG]:  {"arg":{"channel":"books-l2-tbt","instId":"BTC-USDT"},"action":"update","data":[{"asks":[["19306.6","0.0019084","0","1"],["19309","0.00421391","0","1"],["19309.3","0.1366538","0","2"],["19440.1","0","0","0"]],"bids":[["19301.6","0.00717","0","1"],["19301.4","0.24567264","0","1"],["19212","0","0","0"]],"ts":"1664435315245","checksum":-2088735543}]}
[2022-09-29 15:08:35,203 - DEBUG]:  {"arg":{"channel":"books-l2-tbt","instId":"BTC-USDT"},"action":"update","data":[{"asks":[["19306.8","0.5290816","0","1"],["19308.8","0.00563635","0","1"],["19323.9","0.1","0","1"],["19326","0.83766956","0","2"],["19440","0","0","0"]],"bids":[],"ts":"1664435315255","checksum":-1078787942}]}
[2022-09-29 15:08:35,212 - DEBUG]:  {"arg":{"channel":"books-l2-tbt","instId":"BTC-USDT"},"action":"update","data":[{"asks":[["19307.1","0.01125012","0","1"],["19307.8","0","0","0"],["19307.9","0","0","0"],["19309","0","0","0"],["19315","0.10518008","0","2"],["19315.6","0.04122069","0","1"],["19440","0.85825596","0","11"],["19440.1","0.00717","0","1"]],"bids":[["19290.4","0","0","0"],["19289.7","0.1","0","1"]],"ts":"1664435315265","checksum":-849961612}]}
[2022-09-29 15:08:35,222 - DEBUG]:  {"arg":{"channel":"books-l2-tbt","instId":"BTC-USDT"},"action":"update","data":[{"asks":[["19307.4","0.00717","0","1"],["19308.9","0.12886942","0","2"],["19317.3","0.16","0","1"]],"bids":[["19303.7","0.20657286","0","1"],["19303.6","0.37974014","0","1"],["19302.3","0.2583","0","1"],["19301.3","0","0","0"],["19212.1","0","0","0"]],"ts":"1664435315275","checksum":-698963776}]}
[2022-09-29 15:08:35,232 - DEBUG]:  {"arg":{"channel":"books-l2-tbt","instId":"BTC-USDT"},"action":"update","data":[{"asks":[["19309","0.00644299","0","1"],["19324.5","0","0","0"],["19325.2","0.01058817","0","2"],["19326","0.10018","0","1"],["19440.1","0","0","0"]],"bids":[["19274.5","0.00519074","0","1"],["19274.4","0.27519028","0","2"],["19273.8","0","0","0"]],"ts":"1664435315285","checksum":-270763160}]}
[2022-09-29 15:08:35,242 - DEBUG]:  {"arg":{"channel":"books-l2-tbt","instId":"BTC-USDT"},"action":"update","data":[{"asks":[["19308.8","0","0","0"],["19440.1","0.00717","0","1"]],"bids":[["19304.6","0.23722374","0","6"]],"ts":"1664435315295","checksum":-2041680552}]}
[2022-09-29 15:08:35,253 - DEBUG]:  {"arg":{"channel":"books-l2-tbt","instId":"BTC-USDT"},"action":"update","data":[{"asks":[["19304.7","0.07","0","2"],["19307.1","0","0","0"],["19314.9","0.00518008","0","1"],["19315","0.1","0","1"]],"bids":[],"ts":"1664435315305","checksum":-1418145117}]}
[2022-09-29 15:08:35,262 - DEBUG]:  {"arg":{"channel":"books-l2-tbt","instId":"BTC-USDT"},"action":"update","data":[{"asks":[["19304.7","0.07588","0","3"],["19307.3","0.01125012","0","1"],["19308.8","0.05412496","0","1"],["19309.1","0.07770175","0","2"],["19440","0","0","0"],["19440.1","0","0","0"]],"bids":[],"ts":"1664435315315","checksum":1325784380}]}
[2022-09-29 15:08:35,272 - DEBUG]:  {"arg":{"channel":"books-l2-tbt","instId":"BTC-USDT"},"action":"update","data":[{"asks":[["19304.7","0.07","0","2"],["19308.8","0.06060989","0","2"],["19309","0","0","0"],["19309.7","0.07801201","0","2"],["19310.8","0","0","0"],["19314.9","0.01526621","0","2"],["19315","0","0","0"],["19316.5","0.649","0","3"],["19440","0.85825596","0","11"],["19440.1","0.00717","0","1"],["19440.4","0.00157183","0","1"]],"bids":[],"ts":"1664435315325","checksum":9352656}]}
[2022-09-29 15:08:35,282 - DEBUG]:  {"arg":{"channel":"books-l2-tbt","instId":"BTC-USDT"},"action":"update","data":[{"asks":[["19308.9","0.09643","0","1"],["19310","0.2603","0","3"],["19317.3","0.32","0","2"]],"bids":[],"ts":"1664435315335","checksum":-298028172}]}
[2022-09-29 15:08:35,292 - DEBUG]:  {"arg":{"channel":"books-l2-tbt","instId":"BTC-USDT"},"action":"update","data":[{"asks":[["19307.3","0","0","0"],["19309","0.00641995","0","1"],["19314.1","0.00518008","0","1"],["19314.9","0.01008613","0","1"],["19440.4","0","0","0"]],"bids":[],"ts":"1664435315345","checksum":-1730538333}]}
[2022-09-29 15:08:35,301 - DEBUG]:  {"arg":{"channel":"books-l2-tbt","instId":"BTC-USDT"},"action":"update","data":[{"asks":[["19308.8","0.05412496","0","1"],["19309.3","0.00717","0","1"],["19325.2","0.00529514","0","1"],["19338.5","0.00777065","0","1"]],"bids":[["19289.8","0.05488295","0","1"],["19288.9","0","0","0"],["19274.4","0.27","0","1"],["19260","0.0186182","0","8"]],"ts":"1664435315355","checksum":479547971}]}
[2022-09-29 15:08:35,312 - DEBUG]:  {"arg":{"channel":"books-l2-tbt","instId":"BTC-USDT"},"action":"update","data":[{"asks":[["19307.6","0.01125012","0","1"],["19309.1","0.08433251","0","3"],["19325.2","0.01055918","0","2"],["19338.5","0.01554181","0","2"],["19440.1","0","0","0"]],"bids":[["19296.5","0.04","0","1"],["19274.5","0.01039066","0","2"],["19260","0.02638936","0","9"],["19244.8","0.00717","0","1"]],"ts":"1664435315365","checksum":166458114}]}
[2022-09-29 15:08:35,322 - DEBUG]:  {"arg":{"channel":"books-l2-tbt","instId":"BTC-USDT"},"action":"update","data":[{"asks":[["19312","0.09754","0","1"],["19315.2","0.18213","0","2"],["19440","0","0","0"]],"bids":[["19299.8","0.26702801","0","7"],["19293.3","1.32788102","0","6"]],"ts":"1664435315375","checksum":127716257}]}
[2022-09-29 15:08:35,333 - DEBUG]:  {"arg":{"channel":"books-l2-tbt","instId":"BTC-USDT"},"action":"update","data":[{"asks":[["19309","0","0","0"],["19311","0.10357728","0","1"],["19311.7","0","0","0"],["19440","0.85825596","0","11"]],"bids":[["19296.2","0.098424","0","1"]],"ts":"1664435315385","checksum":-381039991}]}
[2022-09-29 15:08:35,343 - DEBUG]:  {"arg":{"channel":"books-l2-tbt","instId":"BTC-USDT"},"action":"update","data":[{"asks":[["19309","0.00608797","0","1"],["19309.1","0.07770175","0","2"],["19309.8","0.45083","0","3"],["19310","0.002","0","2"],["19440","0","0","0"]],"bids":[],"ts":"1664435315395","checksum":-1561452754}]}
[2022-09-29 15:08:35,355 - DEBUG]:  {"arg":{"channel":"books-l2-tbt","instId":"BTC-USDT"},"action":"update","data":[{"asks":[["19309.7","0.18133203","0","3"],["19326","0.83766956","0","2"]],"bids":[],"ts":"1664435315405","checksum":105829620}]}
[2022-09-29 15:08:35,372 - DEBUG]:  {"arg":{"channel":"books-l2-tbt","instId":"BTC-USDT"},"action":"update","data":[{"asks":[["19315.6","0.14122069","0","2"],["19316.5","0.549","0","2"]],"bids":[["19290.7","0.1","0","1"],["19289.7","0","0","0"]],"ts":"1664435315425","checksum":105829620}]}
[2022-09-29 15:08:35,384 - DEBUG]:  {"arg":{"channel":"books-l2-tbt","instId":"BTC-USDT"},"action":"update","data":[{"asks":[["19304.7","0.07588","0","3"],["19308.9","0","0","0"],["19440","0.85825596","0","11"]],"bids":[],"ts":"1664435315435","checksum":-1447770598}]}
[2022-09-29 15:08:35,414 - DEBUG]:  {"arg":{"channel":"books-l2-tbt","instId":"BTC-USDT"},"action":"update","data":[{"asks":[["19304.7","0.07","0","2"],["19308.8","0","0","0"],["19325.2","0","0","0"],["19327.3","0.00520519","0","1"],["19327.8","0.00526254","0","1"],["19338.5","0","0","0"],["19340.9","0.01554026","0","2"]],"bids":[["19276.9","0.0104576","0","2"],["19274.5","0","0","0"],["19261.6","0.02059352","0","3"],["19260","0.01084755","0","7"]],"ts":"1664435315445","checksum":-863164028}]}
[2022-09-29 15:08:35,414 - DEBUG]:  {"arg":{"channel":"books-l2-tbt","instId":"BTC-USDT"},"action":"update","data":[{"asks":[["19307.6","0","0","0"],["19327.3","0","0","0"],["19327.8","0.01050561","0","2"],["19340.9","0","0","0"],["19346","0.01978913","0","3"],["19440.1","0.00717","0","1"],["19440.4","0.00157183","0","1"],["19440.8","0.00002761","0","1"]],"bids":[],"ts":"1664435315455","checksum":-1261736122}]}
[2022-09-29 15:08:35,414 - DEBUG]:  {"arg":{"channel":"books-l2-tbt","instId":"BTC-USDT"},"action":"update","data":[{"asks":[["19307.5","0.01125012","0","1"],["19309.6","0.00802485","0","1"],["19440.4","0","0","0"],["19440.8","0","0","0"]],"bids":[],"ts":"1664435315465","checksum":37566225}]}
[2022-09-29 15:08:35,422 - DEBUG]:  {"arg":{"channel":"books-l2-tbt","instId":"BTC-USDT"},"action":"update","data":[{"asks":[["19309","0","0","0"],["19340.9","0.00776994","0","1"],["19346","0.01201907","0","2"]],"bids":[],"ts":"1664435315475","checksum":497102254}]}
[2022-09-29 15:08:35,432 - DEBUG]:  {"arg":{"channel":"books-l2-tbt","instId":"BTC-USDT"},"action":"update","data":[{"asks":[["19327.3","0.00520503","0","1"],["19327.8","0.00526254","0","1"],["19340.9","0.01553985","0","2"],["19346","0.00424904","0","1"],["19440.1","0","0","0"]],"bids":[],"ts":"1664435315485","checksum":497102254}]}
[2022-09-29 15:08:35,472 - DEBUG]:  {"arg":{"channel":"books-l2-tbt","instId":"BTC-USDT"},"action":"update","data":[{"asks":[["19307.3","0.01125012","0","1"],["19307.5","0","0","0"]],"bids":[],"ts":"1664435315525","checksum":934085560}]}
[2022-09-29 15:08:35,493 - DEBUG]:  {"arg":{"channel":"books-l2-tbt","instId":"BTC-USDT"},"action":"update","data":[{"asks":[["19304.7","0.07588","0","3"],["19309.6","0.26632485","0","2"],["19309.8","0.19253","0","2"]],"bids":[],"ts":"1664435315545","checksum":-1069869768}]}
[2022-09-29 15:08:35,502 - DEBUG]:  {"arg":{"channel":"books-l2-tbt","instId":"BTC-USDT"},"action":"update","data":[{"asks":[["19304.7","0.07","0","2"],["19309.5","0.18394198","0","1"],["19309.7","0.001","0","1"],["19440","0","0","0"]],"bids":[],"ts":"1664435315555","checksum":-1228091975}]}
[2022-09-29 15:08:35,513 - DEBUG]:  {"arg":{"channel":"books-l2-tbt","instId":"BTC-USDT"},"action":"update","data":[{"asks":[["19309.1","0.08456991","0","3"],["19309.6","0.2583","0","1"]],"bids":[],"ts":"1664435315565","checksum":-2140151469}]}
[2022-09-29 15:08:35,522 - DEBUG]:  {"arg":{"channel":"books-l2-tbt","instId":"BTC-USDT"},"action":"update","data":[{"asks":[["19307.3","0","0","0"],["19440","0.85825596","0","11"]],"bids":[],"ts":"1664435315575","checksum":899875607}]}
[2022-09-29 15:08:35,532 - DEBUG]:  {"arg":{"channel":"books-l2-tbt","instId":"BTC-USDT"},"action":"update","data":[{"asks":[["19307.5","0.01125012","0","1"],["19309","0.00729173","0","1"],["19315","0.1","0","1"],["19315.6","0.04122069","0","1"],["19439.7","0","0","0"],["19439.8","0","0","0"],["19440","0","0","0"]],"bids":[],"ts":"1664435315585","checksum":-1145922248}]}
[2022-09-29 15:08:35,542 - DEBUG]:  {"arg":{"channel":"books-l2-tbt","instId":"BTC-USDT"},"action":"update","data":[{"asks":[["19309","0","0","0"],["19309.1","0.07770175","0","2"],["19309.6","0","0","0"],["19439.7","0.0004162","0","1"],["19439.8","0.00621008","0","1"]],"bids":[],"ts":"1664435315595","checksum":853060014}]}
[2022-09-29 15:08:35,552 - DEBUG]:  {"arg":{"channel":"books-l2-tbt","instId":"BTC-USDT"},"action":"update","data":[{"asks":[["19309","0.13754875","0","1"],["19309.5","0","0","0"]],"bids":[],"ts":"1664435315605","checksum":-1212518664}]}
[2022-09-29 15:08:35,562 - DEBUG]:  {"arg":{"channel":"books-l2-tbt","instId":"BTC-USDT"},"action":"update","data":[{"asks":[["19309.1","0.08411054","0","3"],["19327.3","0","0","0"],["19327.8","0.01048381","0","2"],["19337.7","1.21149391","0","1"],["19338.6","0","0","0"],["19340.9","0.00776994","0","1"],["19346","0.01201893","0","2"],["19440","0.85825596","0","11"]],"bids":[],"ts":"1664435315615","checksum":1179909034}]}
[2022-09-29 15:08:35,572 - DEBUG]:  {"arg":{"channel":"books-l2-tbt","instId":"BTC-USDT"},"action":"update","data":[{"asks":[["19308.9","0.00551047","0","1"],["19309.1","0.07770175","0","2"],["19340.9","0","0","0"],["19346","0.01978883","0","3"]],"bids":[],"ts":"1664435315625","checksum":887085522}]}
[2022-09-29 15:08:35,582 - DEBUG]:  {"arg":{"channel":"books-l2-tbt","instId":"BTC-USDT"},"action":"update","data":[{"asks":[["19327.3","0.00520502","0","1"],["19327.8","0.00526254","0","1"],["19340.9","0.01553979","0","2"],["19346","0.00424904","0","1"],["19439.8","0","0","0"],["19440","0","0","0"]],"bids":[],"ts":"1664435315635","checksum":887085522}]}
[2022-09-29 15:08:35,633 - DEBUG]:  {"arg":{"channel":"books-l2-tbt","instId":"BTC-USDT"},"action":"update","data":[{"asks":[["19309.7","0","0","0"],["19309.8","0.09643","0","1"],["19311.4","0.02","0","1"],["19317.3","0","0","0"],["19317.9","1.22965574","0","1"],["19318.5","0.19573","0","2"],["19439.8","0.00621008","0","1"]],"bids":[],"ts":"1664435315685","checksum":-1905468711}]}
[2022-09-29 15:08:35,644 - DEBUG]:  {"arg":{"channel":"books-l2-tbt","instId":"BTC-USDT"},"action":"update","data":[{"asks":[["19309.8","0","0","0"],["19310","0.00793268","0","3"],["19310.9","0.09648","0","1"],["19314.9","0","0","0"],["19440","0.85825596","0","11"],["19440.1","0.00717","0","1"]],"bids":[["19304.6","0.9783584","0","8"],["19299.4","0","0","0"],["19296","0","0","0"],["19295.4","0.5222627","0","3"],["19212.1","0.00717","0","1"],["19212","0.04457555","0","2"]],"ts":"1664435315695","checksum":-1454924790}]}
[2022-09-29 15:08:35,652 - DEBUG]:  {"arg":{"channel":"books-l2-tbt","instId":"BTC-USDT"},"action":"update","data":[{"asks":[["19307.5","0","0","0"],["19308","0.01125012","0","1"],["19308.9","0","0","0"],["19309.1","0","0","0"],["19310.1","0.39310393","0","2"],["19310.9","0.17418175","0","3"],["19440.4","0.00157183","0","1"],["19440.8","0.00002761","0","1"]],"bids":[["19304.6","1.18938842","0","9"],["19299.2","0.1939","0","3"],["19296.5","0","0","0"],["19295.4","0.2022627","0","2"],["19211.8","0.00004364","0","1"]],"ts":"1664435315705","checksum":1638624186}]}
[2022-09-29 15:08:35,664 - DEBUG]:  {"arg":{"channel":"books-l2-tbt","instId":"BTC-USDT"},"action":"update","data":[{"asks":[["19304.7","0","0","0"],["19311.1","0","0","0"],["19327.3","0","0","0"],["19327.8","0","0","0"],["19328.1","0.01041052","0","2"],["19340.9","0","0","0"],["19346","0.01978874","0","3"],["19441.1","0.00717","0","1"],["19441.5","0.0205697","0","1"],["19441.6","0.0249875","0","1"],["19442.1","0.00717","0","1"]],"bids":[["19305.4","0.004","0","2"],["19304.6","0.9783584","0","8"],["19302.1","0","0","0"],["19290.8","0.24999","0","1"],["19286.7","0.2366913","0","1"],["19274.6","0.00717","0","1"],["19211.8","0","0","0"]],"ts":"1664435315715","checksum":1002947535}]}
[2022-09-29 15:08:35,827 - DEBUG]:  {"arg":{"channel":"books-l2-tbt","instId":"BTC-USDT"},"action":"update","data":[{"asks":[["19310.2","0.77784028","0","2"],["19310.4","0.22119175","0","3"],["19310.9","0.09648","0","1"],["19311","0","0","0"],["19311.1","0.12947141","0","1"],["19311.3","0.05895793","0","2"],["19311.4","0.07319606","0","2"],["19313.5","0.48811007","0","2"]],"bids":[["19305.4","0.20269","0","4"],["19304.6","1.14738768","0","8"]],"ts":"1664435315725","checksum":-94057207}]}
[2022-09-29 15:08:35,829 - DEBUG]:  {"arg":{"channel":"books-l2-tbt","instId":"BTC-USDT"},"action":"update","data":[{"asks":[["19308","0","0","0"],["19442.2","0.01057042","0","2"]],"bids":[["19305.4","0.30609981","0","6"],["19304.7","0.39576284","0","2"],["19304.6","0.8828396","0","5"],["19303.7","0","0","0"],["19277.3","0.05001538","0","2"]],"ts":"1664435315735","checksum":1155040036}]}
[2022-09-29 15:08:35,829 - DEBUG]:  {"arg":{"channel":"books-l2-tbt","instId":"BTC-USDT"},"action":"update","data":[{"asks":[["19315","0","0","0"],["19316.3","0.1","0","1"],["19319.4","0.48","0","2"],["19320","0.43755838","0","7"],["19320.6","0.1480931","0","3"],["19442.2","0","0","0"]],"bids":[["19305.4","0.31496737","0","7"],["19304.6","0.8128396","0","4"],["19302.4","0.10332008","0","1"],["19291.1","0.1","0","1"],["19290.7","0","0","0"],["19212","0","0","0"]],"ts":"1664435315745","checksum":600023833}]}
[2022-09-29 15:08:35,829 - DEBUG]:  {"arg":{"channel":"books-l2-tbt","instId":"BTC-USDT"},"action":"update","data":[{"asks":[["19315.6","0.14122069","0","2"],["19316.3","0","0","0"],["19320","0.45755838","0","8"],["19442.2","0.01057042","0","2"]],"bids":[["19304.7","0.38689528","0","1"],["19303.6","0.40284923","0","2"],["19303.5","0.00717","0","1"],["19303","0.09591","0","1"],["19302.5","0.2583","0","1"],["19302.3","0","0","0"],["19298.1","0.17702","0","2"],["19297.5","0.72917205","0","3"],["19212.1","0","0","0"]],"ts":"1664435315755","checksum":785488366}]}
[2022-09-29 15:08:35,830 - DEBUG]:  {"arg":{"channel":"books-l2-tbt","instId":"BTC-USDT"},"action":"update","data":[{"asks":[["19308.4","0.01842012","0","2"]],"bids":[["19305.4","0.44447664","0","8"],["19302.6","0.11049","0","2"],["19302.4","0","0","0"],["19298.7","0.04717","0","2"],["19298.1","0.19702","0","3"],["19297.5","1.04917205","0","4"],["19212.1","0.00717","0","1"]],"ts":"1664435315765","checksum":2010233580}]}
[2022-09-29 15:08:35,830 - DEBUG]:  {"arg":{"channel":"books-l2-tbt","instId":"BTC-USDT"},"action":"update","data":[{"asks":[["19328.1","0.00522084","0","1"],["19328.5","0.00525884","0","2"],["19346","0.01978871","0","3"]],"bids":[],"ts":"1664435315775","checksum":2010233580}]}
[2022-09-29 15:08:35,830 - DEBUG]:  {"arg":{"channel":"books-l2-tbt","instId":"BTC-USDT"},"action":"update","data":[{"asks":[["19305.5","0.03254861","0","3"]],"bids":[["19303","0.19211","0","2"],["19280.8","0.02","0","1"]],"ts":"1664435315785","checksum":-588519314}]}
[2022-09-29 15:08:35,830 - DEBUG]:  {"arg":{"channel":"books-l2-tbt","instId":"BTC-USDT"},"action":"update","data":[{"asks":[["19305.5","0.02666861","0","2"],["19329.5","0.09788","0","1"],["19330.2","0.09938007","0","2"]],"bids":[["19303.1","0.07684401","0","1"],["19276","0.10093166","0","3"],["19275.1","0.03","0","1"],["19212.1","0","0","0"]],"ts":"1664435315795","checksum":-948920570}]}
[2022-09-29 15:08:35,830 - DEBUG]:  {"arg":{"channel":"books-l2-tbt","instId":"BTC-USDT"},"action":"update","data":[{"asks":[["19308.2","0.01125012","0","1"],["19308.4","0.00717","0","1"],["19315.8","0.5204791","0","3"],["19442.2","0","0","0"]],"bids":[],"ts":"1664435315815","checksum":77295984}]}
[2022-09-29 15:08:35,830 - DEBUG]:  {"arg":{"channel":"books-l2-tbt","instId":"BTC-USDT"},"action":"update","data":[{"asks":[],"bids":[["19302.7","0.2583","0","1"],["19302.5","0","0","0"],["19294.9","0.00717","0","1"]],"ts":"1664435315825","checksum":1209205938}]}
[2022-09-29 15:08:35,830 - DEBUG]:  {"arg":{"channel":"books-l2-tbt","instId":"BTC-USDT"},"action":"update","data":[{"asks":[["19315","0.1","0","1"],["19315.6","0.04122069","0","1"],["19442.1","0","0","0"]],"bids":[["19304.6","0.7928396","0","3"]],"ts":"1664435315835","checksum":98074116}]}
[2022-09-29 15:08:35,830 - DEBUG]:  {"arg":{"channel":"books-l2-tbt","instId":"BTC-USDT"},"action":"update","data":[{"asks":[["19309.2","0.2072","0","4"],["19310","0.05973268","0","4"]],"bids":[["19300.6","0.10216406","0","3"],["19299.8","0.24915801","0","6"]],"ts":"1664435315845","checksum":-1380640185}]}
[2022-09-29 15:08:35,830 - DEBUG]:  {"arg":{"channel":"books-l2-tbt","instId":"BTC-USDT"},"action":"update","data":[{"asks":[["19310.2","0.62141","0","1"],["19315","0","0","0"],["19316.5","0.649","0","3"],["19442.1","0.00717","0","1"]],"bids":[["19296.3","0.322","0","1"],["19293.3","0.94388102","0","5"],["19212.3","0","0","0"]],"ts":"1664435315855","checksum":-514490563}]}
[2022-09-29 15:08:35,831 - DEBUG]:  {"arg":{"channel":"books-l2-tbt","instId":"BTC-USDT"},"action":"update","data":[{"asks":[],"bids":[["19301.8","0.03441442","0","1"],["19213","0","0","0"]],"ts":"1664435315865","checksum":1179356052}]}
[2022-09-29 15:08:35,831 - DEBUG]:  {"arg":{"channel":"books-l2-tbt","instId":"BTC-USDT"},"action":"update","data":[{"asks":[["19310","0.0538","0","3"]],"bids":[["19303.1","0.33514401","0","2"],["19302.7","0","0","0"],["19299.8","0.22462","0","5"],["19213","0.00718202","0","2"]],"ts":"1664435315875","checksum":1171629153}]}
[2022-09-29 15:08:35,832 - DEBUG]:  {"arg":{"channel":"books-l2-tbt","instId":"BTC-USDT"},"action":"update","data":[{"asks":[["19308.2","0","0","0"],["19308.5","0.01125012","0","1"]],"bids":[["19297.1","0.96293002","0","3"]],"ts":"1664435315885","checksum":1292508296}]}
[2022-09-29 15:08:35,842 - DEBUG]:  {"arg":{"channel":"books-l2-tbt","instId":"BTC-USDT"},"action":"update","data":[{"asks":[["19305.5","0.03254861","0","3"],["19310","0.05786971","0","4"]],"bids":[],"ts":"1664435315895","checksum":-565661102}]}
[2022-09-29 15:08:35,852 - DEBUG]:  {"arg":{"channel":"books-l2-tbt","instId":"BTC-USDT"},"action":"update","data":[{"asks":[["19305.5","0.02666861","0","2"]],"bids":[],"ts":"1664435315905","checksum":668086794}]}
[2022-09-29 15:08:35,862 - DEBUG]:  {"arg":{"channel":"books-l2-tbt","instId":"BTC-USDT"},"action":"update","data":[{"asks":[["19310","0.0538","0","3"]],"bids":[["19302.2","0.24217","0","3"]],"ts":"1664435315915","checksum":1658105081}]}
[2022-09-29 15:08:35,872 - DEBUG]:  {"arg":{"channel":"books-l2-tbt","instId":"BTC-USDT"},"action":"update","data":[{"asks":[["19310","0.0578269","0","4"]],"bids":[],"ts":"1664435315925","checksum":1324848297}]}
[2022-09-29 15:08:35,882 - DEBUG]:  {"arg":{"channel":"books-l2-tbt","instId":"BTC-USDT"},"action":"update","data":[{"asks":[["19310","0.0538","0","3"]],"bids":[["19305.4","0.46447664","0","9"],["19297.1","0.94293002","0","2"]],"ts":"1664435315935","checksum":-1653382174}]}
[2022-09-29 15:08:35,912 - DEBUG]:  {"arg":{"channel":"books-l2-tbt","instId":"BTC-USDT"},"action":"update","data":[{"asks":[["19316","0.1","0","1"],["19316.5","0.549","0","2"],["19442.1","0","0","0"]],"bids":[],"ts":"1664435315965","checksum":-1653382174}]}
[2022-09-29 15:08:35,932 - DEBUG]:  {"arg":{"channel":"books-l2-tbt","instId":"BTC-USDT"},"action":"update","data":[{"asks":[],"bids":[["19304.6","0.26273496","0","2"]],"ts":"1664435315985","checksum":-2086870936}]}
[2022-09-29 15:08:35,942 - DEBUG]:  {"arg":{"channel":"books-l2-tbt","instId":"BTC-USDT"},"action":"update","data":[{"asks":[],"bids":[["19296.2","0.118424","0","2"]],"ts":"1664435315995","checksum":-2086870936}]}
[2022-09-29 15:08:35,952 - DEBUG]:  {"arg":{"channel":"books-l2-tbt","instId":"BTC-USDT"},"action":"update","data":[{"asks":[["19310","0.05914607","0","4"]],"bids":[],"ts":"1664435316005","checksum":658525522}]}
[2022-09-29 15:08:35,962 - DEBUG]:  {"arg":{"channel":"books-l2-tbt","instId":"BTC-USDT"},"action":"update","data":[{"asks":[["19305.5","0.03254861","0","3"]],"bids":[["19290.9","0","0","0"],["19212.3","0.00175459","0","1"]],"ts":"1664435316015","checksum":1107889684}]}
[2022-09-29 15:08:35,972 - DEBUG]:  {"arg":{"channel":"books-l2-tbt","instId":"BTC-USDT"},"action":"update","data":[{"asks":[["19305.5","0.02666861","0","2"],["19308.3","0.01125012","0","1"],["19308.5","0","0","0"]],"bids":[["19304.7","0.12944458","0","1"]],"ts":"1664435316025","checksum":-1610701341}]}
[2022-09-29 15:08:35,982 - DEBUG]:  {"arg":{"channel":"books-l2-tbt","instId":"BTC-USDT"},"action":"update","data":[{"asks":[["19310","0.0538","0","3"]],"bids":[],"ts":"1664435316035","checksum":-64923216}]}
[2022-09-29 15:08:35,992 - DEBUG]:  {"arg":{"channel":"books-l2-tbt","instId":"BTC-USDT"},"action":"update","data":[{"asks":[["19328.1","0","0","0"],["19328.5","0.01047676","0","3"],["19330.2","0.09938013","0","2"],["19346","0.01979502","0","3"],["19442.1","0.00717","0","1"]],"bids":[["19276.9","0.01084683","0","2"],["19276","0.10093139","0","3"],["19261.6","0.02059974","0","3"]],"ts":"1664435316045","checksum":-64923216}]}
[2022-09-29 15:08:36,003 - DEBUG]:  {"arg":{"channel":"books-l2-tbt","instId":"BTC-USDT"},"action":"update","data":[{"asks":[["19310","0.06010772","0","4"],["19316","0","0","0"],["19316.7","0.1","0","1"]],"bids":[["19291.6","0.1","0","1"],["19291.1","0","0","0"]],"ts":"1664435316055","checksum":2034841659}]}
[2022-09-29 15:08:36,022 - DEBUG]:  {"arg":{"channel":"books-l2-tbt","instId":"BTC-USDT"},"action":"update","data":[{"asks":[],"bids":[["19275.8","0.06524952","0","2"]],"ts":"1664435316075","checksum":2034841659}]}
[2022-09-29 15:08:36,042 - DEBUG]:  {"arg":{"channel":"books-l2-tbt","instId":"BTC-USDT"},"action":"update","data":[{"asks":[],"bids":[["19299.2","0.1929","0","2"]],"ts":"1664435316095","checksum":1157158119}]}
[2022-09-29 15:08:36,052 - DEBUG]:  {"arg":{"channel":"books-l2-tbt","instId":"BTC-USDT"},"action":"update","data":[{"asks":[["19308.3","0","0","0"],["19442.2","0.01057042","0","2"]],"bids":[],"ts":"1664435316105","checksum":-501632646}]}
[2022-09-29 15:08:36,062 - DEBUG]:  {"arg":{"channel":"books-l2-tbt","instId":"BTC-USDT"},"action":"update","data":[{"asks":[["19308.1","0.01125012","0","1"],["19315.3","0.1","0","1"],["19316.7","0","0","0"],["19442.2","0","0","0"]],"bids":[["19305.4","0.36171664","0","8"],["19300.3","0","0","0"],["19298.2","0","0","0"],["19291.6","0","0","0"],["19284.7","0.19784","0","2"],["19212.1","0.00717","0","1"],["19212","0.04457555","0","2"],["19211.8","0.00004364","0","1"]],"ts":"1664435316115","checksum":-1060318860}]}
[2022-09-29 15:08:36,073 - DEBUG]:  {"arg":{"channel":"books-l2-tbt","instId":"BTC-USDT"},"action":"update","data":[{"asks":[["19305.5","0.10254861","0","5"],["19310.6","0.06","0","1"],["19326","0.10018","0","1"],["19326.6","0.81513111","0","2"],["19442.1","0","0","0"]],"bids":[["19303.7","0.16113972","0","1"],["19303.1","0","0","0"],["19277.3","0.00001538","0","1"]],"ts":"1664435316125","checksum":-1428366535}]}
[2022-09-29 15:08:36,082 - DEBUG]:  {"arg":{"channel":"books-l2-tbt","instId":"BTC-USDT"},"action":"update","data":[{"asks":[["19305.5","0.09666861","0","4"],["19309.2","0.1554","0","3"],["19310","0.11190772","0","5"],["19310.1","0.47080568","0","4"],["19310.4","0.14349","0","1"],["19310.6","0","0","0"],["19442.1","0.00717","0","1"]],"bids":[["19305.4","0.38108664","0","9"],["19302.1","0.2583","0","1"],["19300.6","0.11748406","0","4"],["19299.8","0.2093","0","4"],["19257.8","5.684018","0","1"],["19252.7","0.00001558","0","1"],["19212","0","0","0"],["19211.8","0","0","0"]],"ts":"1664435316135","checksum":-1037686792}]}
[2022-09-29 15:08:36,092 - DEBUG]:  {"arg":{"channel":"books-l2-tbt","instId":"BTC-USDT"},"action":"update","data":[{"asks":[["19309","0.06502804","0","1"],["19309.2","0.1036","0","2"],["19309.9","0.006257","0","1"],["19310","0.16370772","0","6"],["19310.6","0.06","0","1"],["19326.6","0.07764155","0","1"],["19441.6","0","0","0"],["19442.1","0","0","0"]],"bids":[["19302.1","0","0","0"],["19300.6","0.12780406","0","5"],["19299.8","0.19898","0","3"],["19275.9","4.81","0","2"],["19212","0.04457555","0","2"]],"ts":"1664435316145","checksum":-799061977}]}
[2022-09-29 15:08:36,219 - DEBUG]:  {"arg":{"channel":"books-l2-tbt","instId":"BTC-USDT"},"action":"update","data":[{"asks":[["19305.5","0.11961515","0","5"],["19310","0.1574","0","5"],["19310.8","0.09585","0","1"],["19311.3","0.00717","0","1"],["19314.1","0","0","0"],["19314.5","0.00517985","0","1"],["19441.5","0","0","0"]],"bids":[],"ts":"1664435316155","checksum":843512899}]}
[2022-09-29 15:08:36,219 - DEBUG]:  {"arg":{"channel":"books-l2-tbt","instId":"BTC-USDT"},"action":"update","data":[{"asks":[["19307.3","0.01125012","0","1"],["19308.1","0","0","0"],["19310.2","0.67320099","0","2"]],"bids":[],"ts":"1664435316165","checksum":1944259738}]}
[2022-09-29 15:08:36,220 - DEBUG]:  {"arg":{"channel":"books-l2-tbt","instId":"BTC-USDT"},"action":"update","data":[{"asks":[["19305.5","0.09666861","0","4"]],"bids":[],"ts":"1664435316175","checksum":-459733311}]}
[2022-09-29 15:08:36,220 - DEBUG]:  {"arg":{"channel":"books-l2-tbt","instId":"BTC-USDT"},"action":"update","data":[{"asks":[["19309.8","0.0962","0","1"],["19328.5","0.00529001","0","2"],["19329.1","0.10182736","0","2"],["19441.1","0","0","0"]],"bids":[["19245.9","0","0","0"],["19211.8","0.00004364","0","1"]],"ts":"1664435316185","checksum":-822084260}]}
[2022-09-29 15:08:36,220 - DEBUG]:  {"arg":{"channel":"books-l2-tbt","instId":"BTC-USDT"},"action":"update","data":[{"asks":[["19309.7","0.001","0","1"],["19310","0.1584","0","6"],["19440.8","0","0","0"]],"bids":[["19290.8","0","0","0"],["19288.2","0.1","0","1"],["19284.7","0.09784","0","1"]],"ts":"1664435316205","checksum":-71775252}]}
[2022-09-29 15:08:36,220 - DEBUG]:  {"arg":{"channel":"books-l2-tbt","instId":"BTC-USDT"},"action":"update","data":[{"asks":[["19307.3","0","0","0"],["19309","0","0","0"],["19309.6","0.01426202","0","1"],["19309.7","0.10534285","0","2"],["19313.5","0.22920005","0","1"],["19328.5","0.01047749","0","3"],["19329.1","0.09654","0","1"],["19440.8","0.00002761","0","1"]],"bids":[["19300.6","0.13698406","0","6"],["19299.8","0.1898","0","2"],["19287.5","0.24999","0","1"],["19211.8","0","0","0"]],"ts":"1664435316215","checksum":-1796325025}]}
[2022-09-29 15:08:36,220 - DEBUG]:  {"arg":{"channel":"books-l2-tbt","instId":"BTC-USDT"},"action":"update","data":[{"asks":[["19307.1","0.01125012","0","1"],["19309.2","0","0","0"],["19309.6","0.02105465","0","2"],["19310","0.262","0","8"],["19311.5","0.35683674","0","2"]],"bids":[["19300.6","0.14465406","0","7"],["19299.8","0.18213","0","1"]],"ts":"1664435316225","checksum":488950324}]}
[2022-09-29 15:08:36,220 - DEBUG]:  {"arg":{"channel":"books-l2-tbt","instId":"BTC-USDT"},"action":"update","data":[{"asks":[["19305.5","0.10254861","0","5"],["19309.9","0","0","0"],["19311.4","0.16273475","0","3"],["19314.7","0.1","0","1"],["19315.3","0","0","0"],["19323.7","0.01088115","0","2"],["19328.5","0.00003592","0","1"],["19336.9","0.01554196","0","2"],["19346","0.00425535","0","1"],["19440.8","0","0","0"]],"bids":[["19289.2","0.1","0","1"],["19288.2","0","0","0"],["19276.9","0","0","0"],["19272.3","1.15218135","0","2"],["19272","0.00521538","0","1"],["19261.6","0.00506007","0","1"],["19257.9","0.01554196","0","2"],["19212","0","0","0"]],"ts":"1664435316235","checksum":1675996422}]}
[2022-09-29 15:08:36,220 - DEBUG]:  {"arg":{"channel":"books-l2-tbt","instId":"BTC-USDT"},"action":"update","data":[{"asks":[["19305.5","0.09666861","0","4"],["19309.6","0.01426202","0","1"]],"bids":[],"ts":"1664435316245","checksum":723477156}]}
[2022-09-29 15:08:36,221 - DEBUG]:  {"arg":{"channel":"books-l2-tbt","instId":"BTC-USDT"},"action":"update","data":[{"asks":[["19309.6","0.02165044","0","2"],["19309.8","0.19205","0","2"],["19310.9","0.11648","0","2"],["19311.4","0.14273475","0","2"]],"bids":[],"ts":"1664435316255","checksum":1482747671}]}
[2022-09-29 15:08:36,221 - DEBUG]:  {"arg":{"channel":"books-l2-tbt","instId":"BTC-USDT"},"action":"update","data":[{"asks":[["19309.6","0.01426202","0","1"],["19309.7","0.18262007","0","3"]],"bids":[],"ts":"1664435316265","checksum":1652139904}]}
[2022-09-29 15:08:36,223 - DEBUG]:  {"arg":{"channel":"books-l2-tbt","instId":"BTC-USDT"},"action":"update","data":[{"asks":[["19307.1","0","0","0"],["19309.6","0.02181277","0","2"],["19440.8","0.00002761","0","1"]],"bids":[],"ts":"1664435316275","checksum":-1226298729}]}
[2022-09-29 15:08:36,232 - DEBUG]:  {"arg":{"channel":"books-l2-tbt","instId":"BTC-USDT"},"action":"update","data":[{"asks":[["19307","0.01125012","0","1"],["19440.8","0","0","0"]],"bids":[],"ts":"1664435316285","checksum":-1887084128}]}
[2022-09-29 15:08:36,242 - DEBUG]:  {"arg":{"channel":"books-l2-tbt","instId":"BTC-USDT"},"action":"update","data":[{"asks":[],"bids":[["19289.9","0.1","0","1"],["19289.2","0","0","0"]],"ts":"1664435316295","checksum":-1887084128}]}
[2022-09-29 15:08:36,285 - DEBUG]:  {"arg":{"channel":"books-l2-tbt","instId":"BTC-USDT"},"action":"update","data":[{"asks":[["19310.2","0.62141","0","1"]],"bids":[],"ts":"1664435316335","checksum":1844259342}]}
[2022-09-29 15:08:36,293 - DEBUG]:  {"arg":{"channel":"books-l2-tbt","instId":"BTC-USDT"},"action":"update","data":[{"asks":[["19305.5","0.10254861","0","5"],["19309.9","0.2583","0","1"],["19440.4","0","0","0"]],"bids":[],"ts":"1664435316345","checksum":-417804052}]}
[2022-09-29 15:08:36,302 - DEBUG]:  {"arg":{"channel":"books-l2-tbt","instId":"BTC-USDT"},"action":"update","data":[{"asks":[["19305.5","0.09666861","0","4"],["19309.7","0.28594008","0","4"]],"bids":[["19305.4","0.37221908","0","8"]],"ts":"1664435316355","checksum":1600046907}]}
[2022-09-29 15:08:36,313 - DEBUG]:  {"arg":{"channel":"books-l2-tbt","instId":"BTC-USDT"},"action":"update","data":[{"asks":[["19307","0","0","0"],["19440.4","0.00157183","0","1"]],"bids":[],"ts":"1664435316365","checksum":1888696330}]}
[2022-09-29 15:10:09,418 - DEBUG]:  unexpected EOF while parsing (<string>, line 0)
[2022-09-29 15:10:09,420 - DEBUG]:  BTC_USDT数据没有找到
[2022-09-29 15:10:09,829 - DEBUG]:  Connection to remote host was lost.
[2022-09-29 15:10:09,830 - DEBUG]:  ETH_USDT数据没有找到
[2022-09-29 15:10:09,988 - DEBUG]:  Connection to remote host was lost.
[2022-09-29 15:10:09,989 - DEBUG]:  ADA_USDT数据没有找到
[2022-09-29 15:10:40,428 - DEBUG]:  unexpected EOF while parsing (<string>, line 0)
[2022-09-29 15:10:40,431 - DEBUG]:  XRP_USDT数据没有找到
[2022-09-29 15:11:11,430 - DEBUG]:  unexpected EOF while parsing (<string>, line 0)
[2022-09-29 15:11:11,432 - DEBUG]:  SOL_USDT数据没有找到
[2022-09-29 15:11:11,591 - DEBUG]:  Connection to remote host was lost.
[2022-09-29 15:11:11,592 - DEBUG]:  TRX_USDT数据没有找到
[2022-09-29 15:11:42,489 - DEBUG]:  unexpected EOF while parsing (<string>, line 0)
[2022-09-29 15:11:42,492 - DEBUG]:  DOGE_USDT数据没有找到
[2022-09-29 15:12:13,456 - DEBUG]:  unexpected EOF while parsing (<string>, line 0)
[2022-09-29 15:12:13,458 - DEBUG]:  DOT_USDT数据没有找到
[2022-09-29 15:12:13,642 - DEBUG]:  Connection to remote host was lost.
[2022-09-29 15:12:13,643 - DEBUG]:  LTC_USDT数据没有找到
[2022-09-29 15:12:44,438 - DEBUG]:  unexpected EOF while parsing (<string>, line 0)
[2022-09-29 15:12:44,441 - DEBUG]:  ETC_USDT数据没有找到
[2022-09-29 15:12:47,547 - DEBUG]:  Connection to remote host was lost.
[2022-09-29 15:12:47,549 - DEBUG]:  ADA_USDT数据没有找到
[2022-09-29 15:12:53,306 - DEBUG]:  Connection to remote host was lost.
[2022-09-29 15:12:53,307 - DEBUG]:  TRX_USDT数据没有找到
[2022-09-29 15:12:53,466 - DEBUG]:  Connection to remote host was lost.
[2022-09-29 15:12:53,466 - DEBUG]:  DOGE_USDT数据没有找到
[2022-09-29 15:13:10,361 - DEBUG]:  Connection to remote host was lost.
[2022-09-29 15:13:10,362 - DEBUG]:  ETH_USDT数据没有找到
[2022-09-29 15:13:10,689 - DEBUG]:  Connection to remote host was lost.
[2022-09-29 15:13:10,689 - DEBUG]:  ADA_USDT数据没有找到
[2022-09-29 15:13:15,386 - DEBUG]:  Connection to remote host was lost.
[2022-09-29 15:13:15,386 - DEBUG]:  SOL_USDT数据没有找到
[2022-09-29 15:13:15,537 - DEBUG]:  Connection to remote host was lost.
[2022-09-29 15:13:15,538 - DEBUG]:  TRX_USDT数据没有找到
[2022-09-29 15:13:57,512 - DEBUG]:  Connection to remote host was lost.
[2022-09-29 15:13:57,513 - DEBUG]:  LTC_USDT数据没有找到
[2022-09-29 15:14:16,156 - DEBUG]:  Connection to remote host was lost.
[2022-09-29 15:14:16,157 - DEBUG]:  BTC_USDT数据没有找到
[2022-09-29 15:14:47,453 - DEBUG]:  unexpected EOF while parsing (<string>, line 0)
[2022-09-29 15:14:47,455 - DEBUG]:  ETH_USDT数据没有找到
[2022-09-29 15:27:40,868 - DEBUG]:  Connection to remote host was lost.
[2022-09-29 15:27:40,868 - DEBUG]:  connection_tmp() takes 0 positional arguments but 1 was given
[2022-09-29 15:27:41,060 - DEBUG]:  Connection to remote host was lost.
[2022-09-29 15:27:41,060 - DEBUG]:  connection_tmp() takes 0 positional arguments but 1 was given
[2022-09-29 15:28:24,653 - DEBUG]:  
[2022-09-29 15:29:52,087 - DEBUG]:  
